@ARTICLE{2003AJ....125.2531R,
       author = {{Reed}, B. Cameron},
        title = "{Catalog of Galactic OB Stars}",
      journal = {\aj},
     keywords = {Catalogs, Stars: Early-Type},
         year = 2003,
        month = may,
       volume = {125},
       number = {5},
        pages = {2531-2533},
          doi = {10.1086/374771},
       adsurl = {https://ui.adsabs.harvard.edu/abs/2003AJ....125.2531R},
      adsnote = {Provided by the SAO/NASA Astrophysics Data System}
}
@ARTICLE{2022arXiv221117238R,
       author = {{Rimoldini}, Lorenzo and {Holl}, Berry and {Gavras}, Panagiotis and {Audard}, Marc and {De Ridder}, Joris and {Mowlavi}, Nami and {Nienartowicz}, Krzysztof and {Jevardat de Fombelle}, Gr{\'e}gory and {Lecoeur-Ta{\"\i}bi}, Isabelle and {Karbevska}, Lea and {Evans}, Dafydd W. and {{\'A}brah{\'a}m}, P{\'e}ter and {Carnerero}, Maria I. and {Clementini}, Gisella and {Distefano}, Elisa and {Garofalo}, Alessia and {Garc{\'\i}a-Lario}, Pedro and {Gomel}, Roy and {Klioner}, Sergei A. and {Kruszy{\'n}ska}, Katarzyna and {Lanzafame}, Alessandro C. and {Lebzelter}, Thomas and {Marton}, G{\'a}bor and {Mazeh}, Tsevi and {Molinaro}, Roberto and {Panahi}, Aviad and {Raiteri}, Claudia M. and {Ripepi}, Vincenzo and {Szabados}, L{\'a}szl{\'o} and {Teyssier}, David and {Trabucchi}, Michele and {Wyrzykowski}, {\L}ukasz and {Zucker}, Shay and {Eyer}, Laurent},
        title = "{Gaia Data Release 3: All-sky classification of 12.4 million variable sources into 25 classes}",
      journal = {arXiv e-prints},
     keywords = {Astrophysics - Astrophysics of Galaxies, Astrophysics - Solar and Stellar Astrophysics},
         year = 2022,
        month = nov,
          eid = {arXiv:2211.17238},
        pages = {arXiv:2211.17238},
          doi = {10.48550/arXiv.2211.17238},
archivePrefix = {arXiv},
       eprint = {2211.17238},
 primaryClass = {astro-ph.GA},
       adsurl = {https://ui.adsabs.harvard.edu/abs/2022arXiv221117238R},
      adsnote = {Provided by the SAO/NASA Astrophysics Data System}
}


@ARTICLE{2015ApJS..216...29B,
       author = {{Bovy}, Jo},
        title = "{galpy: A python Library for Galactic Dynamics}",
      journal = {\apjs},
     keywords = {galaxies: general, galaxies: kinematics and dynamics, Galaxy: fundamental parameters, Astrophysics - Astrophysics of Galaxies, Astrophysics - Instrumentation and Methods for Astrophysics},
         year = 2015,
        month = feb,
       volume = {216},
       number = {2},
          eid = {29},
        pages = {29},
          doi = {10.1088/0067-0049/216/2/29},
archivePrefix = {arXiv},
       eprint = {1412.3451},
 primaryClass = {astro-ph.GA},
       adsurl = {https://ui.adsabs.harvard.edu/abs/2015ApJS..216...29B},
      adsnote = {Provided by the SAO/NASA Astrophysics Data System}
}

@ARTICLE{2022AJ....163..100G,
       author = {{Gies}, Douglas R. and {Shepard}, Katherine and {Wysocki}, Peter and {Klement}, Robert},
        title = "{The Transformative Journey of HD 93521}",
      journal = {\aj},
     keywords = {1629, 732, 2157, Astrophysics - Solar and Stellar Astrophysics, Astrophysics - Astrophysics of Galaxies},
         year = 2022,
        month = feb,
       volume = {163},
       number = {2},
          eid = {100},
        pages = {100},
          doi = {10.3847/1538-3881/ac43be},
archivePrefix = {arXiv},
       eprint = {2112.08235},
 primaryClass = {astro-ph.SR},
       adsurl = {https://ui.adsabs.harvard.edu/abs/2022AJ....163..100G},
      adsnote = {Provided by the SAO/NASA Astrophysics Data System}
}